@article{ahmed_implementation_nodate,
	title = {An Implementation of the {DPLL} Algorithm},
	pages = {138},
	author = {Ahmed, Tanbir},
	langid = {english},
	file = {Ahmed - An Implementation of the DPLL Algorithm.pdf:/Users/macbookpro/Zotero/storage/CI3XEYL7/Ahmed - An Implementation of the DPLL Algorithm.pdf:application/pdf}
}